@Article{Juusola2009,
AUTHOR = {Juusola, L. and Kauristie, K. and Amm, O. and Ritter, P.},
TITLE = {Statistical dependence of auroral ionospheric currents on solar wind and geomagnetic parameters from 5 years of CHAMP satellite data},
JOURNAL = {Annales Geophysicae},
VOLUME = {27},
YEAR = {2009},
NUMBER = {3},
PAGES = {1005--1017},
URL = {https://angeo.copernicus.org/articles/27/1005/2009/},
DOI = {10.5194/angeo-27-1005-2009}
}

@article{papitashvili2002,
  title={A new model of field-aligned currents derived from high-precision satellite magnetic field data},
  author={Papitashvili, VO and Christiansen, Freddy and Neubert, Torsten},
  journal={Geophysical Research Letters},
  volume={29},
  number={14},
  pages={28--1},
  year={2002},
  publisher={Wiley Online Library}
}

@article{fujii1987,
  title={Control of the ionospheric conductivities on large-scale Birkeland current intensities under geomagnetic quiet conditions},
  author={Fujii, Ryoichi and Iijima, Takesi},
  journal={Journal of Geophysical Research: Space Physics},
  volume={92},
  number={A5},
  pages={4505--4513},
  year={1987},
  publisher={Wiley Online Library}
}

@article{weimer2001,
  title={Maps of ionospheric field-aligned currents as a function of the interplanetary magnetic field derived from Dynamics Explorer 2 data},
  author={Weimer, DR},
  journal={Journal of Geophysical Research: Space Physics},
  volume={106},
  number={A7},
  pages={12889--12902},
  year={2001},
  publisher={Wiley Online Library}
}